<record><leader>00000cas a22000007a 4500</leader><controlfield tag="001">13745576</controlfield><controlfield tag="008">860618c19339999mauwr ne      0   a0eng  </controlfield><controlfield tag="009">466</controlfield><datafield ind1=" " ind2=" " tag="010"><subfield code="a">sn 86071621 </subfield></datafield><datafield ind1=" " ind2=" " tag="040"><subfield code="a">DLC</subfield><subfield code="b">eng</subfield><subfield code="c">DLC</subfield><subfield code="d">MGN</subfield><subfield code="d">NSD</subfield><subfield code="d">OCLCQ</subfield></datafield><datafield ind1=" " ind2=" " tag="012"><subfield code="m">1</subfield></datafield><datafield ind1="0" ind2=" " tag="022"><subfield code="a">1081-8146</subfield><subfield code="l">1081-8146</subfield><subfield code="2">1</subfield></datafield><datafield ind1="1" ind2=" " tag="029"><subfield code="a">AU@</subfield><subfield code="b">000025788455</subfield></datafield><datafield ind1=" " ind2=" " tag="032"><subfield code="a">311340</subfield><subfield code="b">USPS</subfield></datafield><datafield ind1=" " ind2=" " tag="037"><subfield code="b">Beacon Community Newspapers, 150 Baker Ave. Ext., Suite 305, P.O. Box 9191, Concord, MA 01742-9191</subfield></datafield><datafield ind1=" " ind2=" " tag="042"><subfield code="a">msc</subfield><subfield code="a">nsdp</subfield></datafield><datafield ind1="0" ind2="0" tag="050"><subfield code="a">Newspaper 7002</subfield></datafield><datafield ind1="0" ind2=" " tag="130"><subfield code="a">Lexington minute-man (Lexington, Mass. : 1933)</subfield></datafield><datafield ind1=" " ind2="0" tag="222"><subfield code="a">Lexington minuteman (1933)</subfield></datafield><datafield ind1="0" ind2="0" tag="245"><subfield code="a">Lexington minute-man.</subfield></datafield><datafield ind1="1" ind2="0" tag="246"><subfield code="a">Lexington minute man</subfield></datafield><datafield ind1=" " ind2=" " tag="260"><subfield code="a">Lexington, Mass. :</subfield><subfield code="b">Lexington Townsman, Inc.,</subfield></datafield><datafield ind1=" " ind2=" " tag="300"><subfield code="a">v.</subfield></datafield><datafield ind1=" " ind2=" " tag="310"><subfield code="a">Weekly</subfield></datafield><datafield ind1="0" ind2=" " tag="362"><subfield code="a">Vol. 62, no. 10 (Feb. 2, 1933)-</subfield></datafield><datafield ind1=" " ind2=" " tag="752"><subfield code="a">United States</subfield><subfield code="b">Massachusetts</subfield><subfield code="c">Middlesex</subfield><subfield code="d">Lexington.</subfield></datafield><datafield ind1="0" ind2="0" tag="780"><subfield code="t">Lexington townsman and Lexington times-minute-man</subfield><subfield code="w">(DLC)sn 89062266</subfield></datafield><datafield ind1=" " ind2=" " tag="936"><subfield code="a">Jan. 26, 1995 LIC</subfield></datafield></record>